@inproceedings{seawall,
	title = {{Sharing the Data Center Network}},
	author={Alan Shieh and Srikanth Kandula and Albert Greenberg and Changhoon Kim},
	booktitle="NSDI",
	year="2011"
}


@inproceedings{YCSB,
  title={Benchmarking cloud serving systems with YCSB},
    author={Cooper, B.F. and Silberstein, A. and Tam, E. and Ramakrishnan, R. and Sears, R.},
      booktitle={Proceedings of the 1st ACM symposium on Cloud computing},
        pages={143--154},
	  year={2010},
	    organization={ACM}
	    }


@inproceedings{wild,
	title = {Network Traffic Characteristics of Data Centers in the Wild}},
	author={Theophilus Benson and Aditya Akella and David A. Maltz},
	booktitle="IMC",
	year="2010"
}


@inproceedings{orchestra,
	title = {{Managing Data Transfers in Computer Clusters with Orchestra}},
	author={Mosharaf Chowdhury and Matei Zaharia and Justin Ma and Michael I. Jordan and Ion Stoica},
	booktitle="ACM SIGCOMM",
	year="2011"
}


@inproceedings{pisces,
	title = {{Performance Isolation and Fairness for Multi-Tenant Cloud Storage}},
	author={David Shue and Michael J. Freedman and Anees Shaikh},
	booktitle="OSDI",
	year="2012"
}

@inproceedings{helios,
	title = {{Helios: A Hybrid Electrical/Optical Switch Architecture for Modular Data Centers}},
	author={Nathan Farrington and George Porter and Sivasankar Radhakrishnan and Hamid Hajabdolali Bazzaz and Vikram Subramanya and Yeshaiahu Fainman and George Papen and Amin Vahdat},
	booktitle="ACM SIGCOMM",
	year="2010"
}


@inproceedings{flyaways,
	title = {{Flyways To De-Congest Data Center Networks}},
	author={Srikanth Kandula and Jitendra Padhye and Paramvir Bahl},
	booktitle="HotNets",
	year="2009"
}


@inproceedings{drf,
    author = {Ali Ghodsi and Matei Zaharia and Benjamin Hindman and Andy Konwinski and Scott Shenker and Ion Stoica},
    title = {{Dominant Resource Fairness: Fair Allocation of Multiple Resource Types}},
    booktitle = {NSDI},
    year = {2011}
}


@inproceedings{flat-datacenter-storage,
    author = {Edmund B. Nightingaleand Jeremy Elson and Jinliang Fan and Owen Hofmann and Jon Howell and Yutaka Suzue},
    title = {{Flat Datacenter Storage}},
    booktitle = {OSDI},
    year = {2012}
}


@inproceedings{faircloud,
    author = {L. Popa and A. Krishnamurthy and S. Ratnasamy and I. Stoica},
    title = {{FairCloud: Sharing The Network In Cloud Computing}},
    booktitle = {HotNets},
    year = {2011}
}



@misc{nas,
    title = {{Network-attached storage}},
    howpublished = {\url{http://en.wikipedia.org/wiki/Network-attached_storage}}
}


@misc{hadoop,
    title = {{Apache Hadoop}},
    howpublished = {\url{http://hadoop.apache.org}}
}


@misc{gfs,
    author = {Sanjay Ghemawat and Howard Gobioff and Shun-Tak Leung},
    title = {The Google File System},
    year = {2003}
}

@inproceedings{cloudnaas,
    author = {Theophilus Benson and Aditya Akella and Anees Shaikh and Sambit
        Sahu},
    title = {{CloudNaaS}: A Cloud Networking Platform for Enterprise
        Applications},
    booktitle = {SOCC},
    year = {2011}
}



@incollection{nfs,
	author = {Sandberg, R. and Golgberg, D. and Kleiman, S. and Walsh, D. and Lyon, B.},
	chapter = {Design and implementation of the Sun network filesystem},
	title = {Innovations in Internetworking},
	editor = {Partridge, C.},
	year = {1988},
	isbn = {0-89006-337-0},
	pages = {379--390},
	numpages = {12},
	url = {http://dl.acm.org/citation.cfm?id=59309.59338},
	acmid = {59338},
	publisher = {Artech House, Inc.},
	address = {Norwood, MA, USA},
} 


@inproceedings{afs,
	author = {John H Howard},
	title = {An Overview of the Andrew File System},
	booktitle = {in Winter 1988 USENIX Conference Proceedings},
	year = {1988},
	pages = {23--26}
}


@inproceedings{dynamo,
    author = {Giuseppe DeCandia and Deniz Hastorun and Madan Jampani and Gunavardhan Kakulapati and Avinash Lakshman and Alex Pilchin and Swaminathan Sivasubramanian and Peter Vosshall and Werner Vogels},
    title = {Dynamo: amazonâ€™s highly available key-value store},
    booktitle = {IN PROC. SOSP},
    year = {2007},
    pages = {205--220},
    publisher = {}
}

@techreport{incast,
    author = {Amar Phanishayee and Elie Krevat and Vijay Vasudevan and David G. Andersen and Gregory R. Ganger and Garth A. Gibson and Srinivasan Seshan},
    title = {Measurement and Analysis of TCP Throughput Collapse in Cluster-based Storage Systems},
    institution = {},
    year = {2007}
}


@inproceedings{schedule-storage-system,
    author = {Yin Wang},
    title = {Proportional-share scheduling for distributed storage systems},
    booktitle = {In ProACM Transactions on},
    year = {2007},
    pages = {47--60},
    publisher = {USENIX Association}
}

@inproceedings{c-through,
  title={c-Through: Part-time optics in data centers},
  author={Wang, G. and Andersen, D.G. and Kaminsky, M. and Papagiannaki, K. and Ng, T.S.E. and Kozuch, M. and Ryan, M.},
  booktitle={ACM SIGCOMM},
  volume={10},
  pages={327--338},
  year={2010}
}

@inproceedings{azure-storage,
  title={Windows Azure Storage: a highly available cloud storage service with strong consistency},
  author={Calder, B. and Wang, J. and Ogus, A. and Nilakantan, N. and Skjolsvold, A. and McKelvie, S. and Xu, Y. and Srivastav, S. and Wu, J. and Simitci, H. and others},
  booktitle={Proceedings of the Twenty-Third ACM Symposium on Operating Systems Principles},
  pages={143--157},
  year={2011},
  organization={ACM}
}
